<?xml version="1.0" encoding="UTF-8"?><collection xmlns="http://www.loc.gov/MARC21/slim"><record><leader>00353nam--2200133-i-4500</leader><controlfield tag="001">000035402</controlfield><controlfield tag="002">20161230</controlfield><controlfield tag="005">20161230201040</controlfield><controlfield tag="008">060222s1000------------r-----000-0-eng-d</controlfield><datafield ind1=" " ind2=" " tag="080"><subfield code="a">007</subfield></datafield><datafield ind1=" " ind2=" " tag="100"><subfield code="a">Odobleja, Stefan</subfield></datafield><datafield ind1=" " ind2=" " tag="245"><subfield code="a">Psychologie consonatiste. vol.1: avec 260 fig.dans le texte</subfield></datafield><datafield ind1=" " ind2=" " tag="260"><subfield code="a">Paris, Librairie Maloine, 1939, 497p</subfield></datafield><datafield ind1=" " ind2=" " tag="852"><subfield code="a">45683</subfield></datafield></record></collection>